%% This BibTeX bibliography file was created using BibDesk.
%% http://bibdesk.sourceforge.net/


%% Created for Galyardt at 2014-08-21 22:49:39 -0400 


%% Saved with string encoding Unicode (UTF-8) 



@book{Doorenspleet,
	Author = {Renske Doorenspleet},
	Title = {Rethinking the Value of Democracy},
	Publisher = {Palgrave Macmillan, Cham},
	Year = {2019}
	}

@incollection{Campbell,
	Author = {R. Campbell},
	Title = {Theories of Popular Support for Democracy},
	Booktitle = {Popular Support for Democracy in Unified Germany. New Perspectives in German Political Studies},
	Publisher = {Palgrave Macmillan, Cham},
	Year = {2019}
	}

@article{JaskoKoss,
  Author = {K. Jasko and M. Kossowska},
  Title = {Wplyw wartosci na rozumienie pojecia demokracji},
  Journal = {Psychologia spoleczna},
  Year = {2008},
  Volume = {tom 3 3 (8)},
  Pages = {243 – 257}
}

@book{Schumpeter,
	Author = {J. A. Schumpeter},
	Title = {Capitalism, Socialism, and Democracy},
	Publisher = {Sublime Books},
	Year = {1942},
	Edition = {2}
}
	
@article{ArDav,
  Author = {G. Ariely and E. Davidov},
  Title = {Can we rate public support for democracy in a comparable way? Cross-national equivalence of democratic attitudes in the World Value Survey},
  Journal = {Social Indicators Research},
  Year = {2011},
  Volume = {104(2)},
  Pages = {243–257}
}

@book{Everitt,
	Author = {B. S. Everitt},
	Title = {An Introduction to Latent Variable Models},
	Publisher = {Chapman and Hall},
	Year = {1984}
}

@article{ChenEtAl,
  Author = {F. F. Chen and K. H. Sousa and S. G. West},
  Title = {Teacher's Corner: Testing Measurement Invariance of Second-Order Factor Models},
  Journal = {Structural Equation Modeling: A Multidisciplinary Journal},
  Year = {2005},
  Volume = {12:3},
  Pages = {471-492}
}

@article{HirBra,
  Author = {G. Hirschfeld and R. von Brachel},
  Title = {Improving Multiple-Group confirmatory factor analysis in R – A tutorial in measurement invariance with continuous and ordinal indicators},
  Journal = {Practical Assessment, Research, and Evaluation},
  Year = {2014},
  Volume = {19},
  Number = {7}
}

@conference{Pokropek,
  author = {A. Pokropek},
  title = {Porownywalnosc w badaniach miedzynarodowych. Przyklad wskaznika motywacji do nauki w badaniu PISA 2006, Polska edukacja w swietle diagnoz prowadzonych z roznych perspektyw badawczych},
  booktitle = {XIX Konferencja Diagnostyki Edukacyjnej},
  year = {2013}
}

@article{Schneider,
  title={Can We Trust Measures of Political Trust? Assessing Measurement Equivalence in Diverse Regime Types},
  author={Irena Schneider},
  journal={Social Indicators Research},
  year={2016},
  volume={133},
  pages={963 - 984}
}

@article{LubGlog,
  title={Zastosowanie analizy rownowaznosci pomiarowej w badaniach psychologicznych},
  author={Katarzyna Lubiewska and Karolina Glogowska},
  journal={Polskie Forum Psychologiczne},
  year={2018},
  volume={23},
  number = {2},
  pages={330 - 356}
}

@misc{WVSData,
  author = {R. Inglehart and C. Haerpfer amd A. Moreno and C. Welzel and K. Kizilova and J. Diez-Medrano and M. Lagos and P. Norris and E. Ponarin and B. Puranen et al.},
  title = {World Values Survey: Round Six - Country-Pooled Datafile Version},
  url = {www.worldvaluessurvey.org/WVSDocumentationWV6.jsp},
  institution = {Madrid: JD Systems Institute},
year = {2014}
}

@inbook{Przeworski,
title = {Minimalist Conception of Democracy: A Defense},
author = {Adam Przeworski},
year = {1999},
language = {English (US)},
editor = {Ian Shapiro and Casiano Hacker-Cordon},
booktitle = {Democracy's Value},
publisher = {Cambridge University Press},
}

@article{Coppedge,
  title={Conceptualizing and Measuring Democracy: A New Approach},
  author={Michael Coppedge and John Gerring and David Altman and Michael Bernhard and Steven Fish and Allen Hicken and Matthew Kroenig and Staffan I. Lindberg and Kelly M. McMann and Pamela Paxton and Holli A. Semetko and Svend-Erik Skaaning and Jeffrey K. Staton and Jan Teorell},
  year={2011},
  journal = {Perspectives on Politics},
  volume = {9},
  number = {2},
  pages = {247 – 267}
}

@article{HuBentler,
  title={Cutoff criteria for fit indexes in covariance structure analysis: Conventional criteria versus new alternatives},
  author={L.-t. Hu and P. M. Bentler},
  year={1999},
  journal = {Structural Equation Modeling},
  volume = {6},
  number = {1},
  pages = {1 – 55}
}

@article{Klingemann,
  title={Mapping political support in the 1990s: A global analysis},
  author={H-D. Klingemann},
  year={1998},
  journal = {WZB Discussion Paper},
  volume = {3},
  pages = {98-202},
  publisher = {Wissenschaftszentrum Berlin für Sozialforschung (WZB), Berlin}
}